@article{DBLP:journals/corr/Babai15,
	author       = {L{\'{a}}szl{\'{o}} Babai},
	title        = {Graph Isomorphism in Quasipolynomial Time},
	journal      = {CoRR},
	volume       = {abs/1512.03547},
	year         = {2015},
	url          = {http://arxiv.org/abs/1512.03547},
	eprinttype    = {arXiv},
	eprint       = {1512.03547},
	timestamp    = {Mon, 13 Aug 2018 16:48:19 +0200},
	biburl       = {https://dblp.org/rec/journals/corr/Babai15.bib},
	bibsource    = {dblp computer science bibliography, https://dblp.org}
}

@article{10.1093/comjnl/6.3.293,
	author = {Heap, B. R.},
	title = "{Permutations by Interchanges}",
	journal = {The Computer Journal},
	volume = {6},
	number = {3},
	pages = {293-298},
	year = {1963},
	month = {11},
	abstract = "{Methods for obtaining all possible permutations of a number of objects, in which each permutation differs from its predecessor only by the interchange of two of the objects, are discussed. Details of two programs which produce these permutations are given, one allowing a specified position to be filled by each of the objects in a predetermined order, the other needing the minimum of storage space in a computer.}",
	issn = {0010-4620},
	doi = {10.1093/comjnl/6.3.293},
	url = {https://doi.org/10.1093/comjnl/6.3.293},
	eprint = {https://academic.oup.com/comjnl/article-pdf/6/3/293/1031285/6-3-293.pdf},
}

@article{cppstandard,
	title={Working Draft, Standard for Programming Language C++},
	url={https://open-std.org/JTC1/SC22/WG21/docs/papers/2023/n4950.pdf},
	year={2023},
	month={5},
	day={10},
	pages={p. 875}
}

@article{Lev65,
	author = "В.~И.~Левенштейн",
	title = "Двоичные коды с~исправлением выпадений, вставок и замещений символов",
	journal = "Докл. АН СССР",
	year = "1965",
	volume = "163",
	number = "4",
	pages = "845--848",
	url = "http://mi.mathnet.ru/dan31411",
	note = "{MathSciNet: http://mathscinet.ams.org/mathscinet-getitem?mr=0189928, Zentralblatt MATH: https://zbmath.org/?q=an:0149.15905}"
}